@article{cavnar1994n,
    title={N-gram-based text categorization},
    author={Cavnar, William B and Trenkle, John M and others},
    journal={Ann Arbor MI},
    volume={48113},
    number={2},
    pages={161--175},
    year={1994},
    publisher={Citeseer}
}

@article{kanaris2007words,
    title={Words versus character n-grams for anti-spam filtering},
    author={Kanaris, Ioannis and Kanaris, Konstantinos and Houvardas, Ioannis and Stamatatos, Efstathios},
    journal={International Journal on Artificial Intelligence Tools},
    volume={16},
    number={06},
    pages={1047--1067},
    year={2007},
    publisher={World Scientific}
}

@article{frasconi2002hidden,
    title={Hidden markov models for text categorization in multi-page documents},
    author={Frasconi, Paolo and Soda, Giovanni and Vullo, Alessandro},
    journal={Journal of Intelligent Information Systems},
    volume={18},
    number={2-3},
    pages={195--217},
    year={2002},
    publisher={Springer}
}

@inproceedings{lai2015recurrent,
    title={Recurrent Convolutional Neural Networks for Text Classification.},
    author={Lai, Siwei and Xu, Liheng and Liu, Kang and Zhao, Jun},
    booktitle={AAAI},
    volume={333},
    pages={2267--2273},
    year={2015}
}